%% LaTeX2e file `brexit.bib'
%% generated by the `filecontents' environment
%% from source `Brexit' on 2017/04/12.
%%
@article{begg:2016,
  title={The economic impact of brexit: jobs, growth and the public finances},
  author={Begg, Iain and Mush{\"o}vel, Fabian},
  year={2016},
  journal={The London School of Economics and Political Science, European Institute},

}
@article{corsmuel:2016,
  title="The pound and the macroeconomic effects of Brexit",
  author="Corsetti, Giancarlo and M{\"u}eller, Gernot",
  journal="VOX",
  year="2016"
}
@article{dhinetal:2016,
  title={The consequences of Brexit for UK trade and living standards},
  author={Dhingra, Swati and Ottaviano, Gianmarco IP and Sampson, Thomas and Reenen, John Van},
  year={2016},
  journal={London School of Economics and Political Science, CEP},
}
@article{heriponc:2015,
  title={Exchange rate volatility, financial constraints, and trade: empirical evidence from Chinese firms},
  author={H{\'e}ricourt, J{\'e}r{\^o}me and Poncet, Sandra},
  journal={The World Bank Economic Review},
  volume={29},
  number={3},
  pages={550--578},
  year={2015},
  publisher={World Bank}
}
@article{krugman:2014,
author="Krugman, Paul",
title="Currency Regimes, Capital Flows, and Crises",
journal="IMF Economic Review",
year="2014",
volume="62",
number="4",
pages="470--493",
}
@article{loretan:2005,
  title={Indexes of the foriegn exchange value of the dollar},
  author={Loretan, Mico},
  journal={Fed. Res. Bull.},
  volume={91},
  pages={1},
  year={2005},
  publisher={HeinOnline}
}
@article{olivwill:2016,
  title={Special relationships in flux: Brexit and the future of the US--EU and US--UK relationships},
  author={Oliver, Tim and Williams, Michael John},
  journal={International Affairs},
  volume={92},
  number={3},
  pages={547--567},
  year={2016},
  publisher={Wiley Online Library}
}
